<record><leader>00000cas a22000007a 4500</leader><controlfield tag="001">29214709</controlfield><controlfield tag="008">931029d191u1918okuwr ne      0    0eng d</controlfield><datafield ind1=" " ind2=" " tag="010"><subfield code="a">sn 93066210 </subfield></datafield><datafield ind1=" " ind2=" " tag="040"><subfield code="a">OBN</subfield><subfield code="b">eng</subfield><subfield code="c">OBN</subfield><subfield code="d">OCL</subfield><subfield code="d">OCLCQ</subfield></datafield><datafield ind1=" " ind2=" " tag="042"><subfield code="a">msc</subfield></datafield><datafield ind1="0" ind2="0" tag="245"><subfield code="a">Randlett progressor.</subfield></datafield><datafield ind1=" " ind2=" " tag="260"><subfield code="a">Randlett, Cotton County, Okla. :</subfield><subfield code="b">Progressor Print. and Pub. Co.</subfield></datafield><datafield ind1=" " ind2=" " tag="300"><subfield code="a">v.</subfield></datafield><datafield ind1=" " ind2=" " tag="310"><subfield code="a">Weekly</subfield></datafield><datafield ind1="0" ind2=" " tag="362"><subfield code="a">-v. 5, no. 43 (Mar. 22, 1918).</subfield></datafield><datafield ind1=" " ind2=" " tag="588"><subfield code="a">Description based on: Vol. 2, no. 18 (July 30, 1914).</subfield></datafield><datafield ind1=" " ind2="4" tag="651"><subfield code="a">Randlett (Okla.)</subfield><subfield code="v">Newspapers.</subfield></datafield><datafield ind1=" " ind2="4" tag="651"><subfield code="a">Cotton County (Okla.)</subfield><subfield code="v">Newspapers.</subfield></datafield><datafield ind1=" " ind2=" " tag="752"><subfield code="a">United States</subfield><subfield code="b">Oklahoma</subfield><subfield code="c">Cotton</subfield><subfield code="d">Randlett.</subfield></datafield><datafield ind1="0" ind2="7" tag="785"><subfield code="t">Devol dispatch</subfield><subfield code="w">(DLC)sn 93066211</subfield><subfield code="w">(OCoLC)29214774</subfield></datafield><datafield ind1="0" ind2="7" tag="785"><subfield code="t">Cotton County news (Devol, Okla. : 1918)</subfield><subfield code="w">(DLC)sn 93066212</subfield><subfield code="w">(OCoLC)29214963</subfield></datafield><datafield ind1="1" ind2=" " tag="029"><subfield code="a">AU@</subfield><subfield code="b">000022802017</subfield></datafield></record>